<?xml version="1.0" encoding="UTF-8"?><collection xmlns="http://www.loc.gov/MARC21/slim"><record><leader>00531nam--2200193-i-4500</leader><controlfield tag="001">000026790</controlfield><controlfield tag="002">20161230</controlfield><controlfield tag="005">20161230201036</controlfield><controlfield tag="008">060222s1000------------r-----000-0-cze-d</controlfield><datafield ind1=" " ind2=" " tag="040"><subfield code="a">IFIN-HH</subfield></datafield><datafield ind1=" " ind2=" " tag="041"><subfield code="a">cze</subfield></datafield><datafield ind1=" " ind2=" " tag="080"><subfield code="a">530.12</subfield></datafield><datafield ind1="1" ind2=" " tag="100"><subfield code="a">Klimes, B</subfield></datafield><datafield ind1="1" ind2="0" tag="245"><subfield code="a">Zaklady fysiky</subfield><subfield code="b">Ii: elektrina a magnerismus optika specialni relativity</subfield><subfield code="c">B. Klimes, J. Kracik, A. Zenisek</subfield></datafield><datafield ind1=" " ind2=" " tag="260"><subfield code="a">Praha, Ceskoslovenska Akademie, 1972,</subfield></datafield><datafield ind1=" " ind2=" " tag="300"><subfield code="a">570P</subfield></datafield><datafield ind1="1" ind2=" " tag="700"><subfield code="a">Zenisek, A</subfield></datafield><datafield ind1=" " ind2=" " tag="852"><subfield code="a">76518</subfield><subfield code="c">531</subfield></datafield><datafield ind1=" " ind2=" " tag="CAT"><subfield code="a">Sys</subfield><subfield code="c">20100708</subfield><subfield code="h">105410</subfield></datafield></record></collection>